3376 4544
464 422 661 227 DEGEN,
1235 422 551 227 ESTES
1896 422 110 227 &
2116 422 882 227 COMPANY,

464 649 734 226 Publishers,
1265 649 800 226 Booksellers,
2132 649 66 226 &
2265 649 733 226 Stationers,

464 875 317 226 No.
887 875 211 226 23
1204 875 950 226 CORNHILL,
2260 875 738 226 BOSTON.

486 1543 254 61 NEW
825 1543 253 61 AND
1163 1543 761 61 BEAUTIFUL
2009 1543 253 61 TOY
2347 1543 507 61 BOOKS.

458 1543 471 50 Cinderella,
972 1543 85 50 or
1100 1543 128 50 The
1271 1543 214 50 Three
1528 1543 299 50 Sisters
1870 1543 43 50 -
1956 1543 43 50 -
2042 1543 43 50 -
2128 1543 213 50 PRICE
2384 1543 128 50 PER
2555 1543 214 50 DOZ.,
2812 1543 42 50 $

468 1618 252 60 Beauty
749 1618 135 47 and
914 1618 99 47 the
1042 1618 200 47 Beast
1349 1618 108 60 -
1564 1618 108 60 -
1779 1618 108 60 -
1994 1618 108 60 -
2209 1618 108 60 -

472 1692 127 47 The
635 1691 195 47 Three
859 1692 209 47 Bears
1180 1691 111 48 -
1403 1691 111 48 -
1626 1691 111 48 -
1849 1691 111 48 -
2072 1691 112 48 -
2296 1691 111 48 -

467 1764 173 47 Puss
669 1763 72 47 in
771 1762 194 48 Boots
1012 1785 27 13 -
1152 1762 114 49 -
1379 1762 114 49 -
1606 1762 114 49 -
1833 1762 114 49 -
2060 1762 114 49 -
2287 1762 114 49 -

904 1880 126 48 The
1213 1880 151 47 New
1594 1879 212 48 Union
2075 1876 328 61 Alphabet.
2467 1876 387 61 Price,

868 1951 534 63 Metamorphosis
1425 1965 17 38 ;
1470 1964 75 33 or
1574 1948 408 49 Amusement
2001 1946 112 57 for
2145 1946 189 47 Little
2368 1945 173 48 Ones.

871 2026 253 47 Mother
1158 2026 194 47 Goose
1384 2023 317 47 Melodies.

900 2098 307 50 Children
1573 2099 71 45 in
1774 2097 100 46 the
2057 2097 202 47 Wood.

889 2171 118 59 My
1182 2183 141 35 own
1524 2171 188 47 Little
1963 2169 296 57 Library.
2292 2169 99 61 Six
2424 2169 199 61 Little
2656 2169 198 61 Books.

778 2331 693 71 CHICKEN
1540 2329 541 71 LITTLE
2147 2326 553 71 SERIES.

474 2456 53 35 K????
896 2450 174 38 STORY
1096 2450 71 36 OF
1192 2449 251 38 CHICKEN
1471 2449 210 37 LITTLE,

465 2510 203 38 LIŢLE
709 2510 193 38 SARAH
935 2510 118 35 AND
1085 2510 120 36 HER
1237 2510 449 37 GRANDMOTHER.

475 2569 170 40 MRS.
669 2569 97 40 PRIM
797 2570 122 37 AND
950 2569 122 37 HER
1105 2569 104 37 SON
1240 2569 111 37 JIM.

2001 2448 115 36 THE
2152 2446 218 37 PRETTY
2401 2445 242 37 PICTURE
2676 2444 319 38 ALPHABET.

2005 2507 200 37 LITTLE
2237 2506 202 37 POEMS.
2488 2506 146 35 PART
2667 2505 35 36 I.

2001 2567 200 36 LITTLE
2236 2564 197 39 POEMS.
2482 2564 150 38 PART
2662 2564 61 38 II.

465 2605 2531 44 GAMES.

605 2925 292 38 PATRIOT
929 2925 272 38 HEROES;
1273 2925 105 43 OR,
1414 2925 208 37 WHO'S
1660 2925 311 36 TRAITOR.
2022 2923 262 36 Founded
2309 2933 71 25 on
2405 2924 275 35 American
2709 2923 237 44 History.

605 2986 422 37 CHECKERED
1065 2985 184 35 GAME
1286 2985 84 35 OF
1408 2985 165 35 LIFE.
1624 2986 148 36 With
1796 2986 291 42 Teetotum,
2115 2984 240 43 Indexes,
2382 2982 108 36 and
2514 2984 272 35 Counters.

604 3046 205 35 WHAT
846 3045 60 35 IS
943 3046 66 34 IT;
1079 3046 104 43 OR,
1223 3046 141 39 THE
1396 3045 155 36 WAY
1589 3046 83 34 TO
1707 3045 195 35 MAKE
1938 3045 249 35 MONEY.

604 3105 278 37 MODERN
921 3105 562 39 HIEROGLYPHICS.
1688 3104 20 40 Part
1713 3104 10 40 I.

605 3165 281 36 MODERN
922 3165 566 38 HIEROGLYPHICS.
1537 3166 125 35 Part
1688 3160 66 42 II.

606 3225 41 37 A
684 3225 306 44 SOLDIER,
1029 3226 40 36 A
1109 3225 252 38 SAILOR.
1400 3225 38 35 A
1472 3226 279 43 TINKER,
1791 3225 36 35 A
1861 3225 263 37 TAILOR.

608 3281 325 40 POETICAL
975 3286 353 37 DOMINOES.

606 3346 290 36 CHINESE
934 3346 272 35 PUZZLE.
1254 3347 108 34 The
1387 3347 116 35 best
1527 3347 184 35 Puzzle
1738 3357 119 25 ever
1881 3346 169 36 made.

610 3405 201 37 SANTA
850 3405 196 36 CLAUS
1086 3405 273 35 PUZZLE.

608 3465 175 35 CARD
820 3464 353 45 DOMINOES,
1202 3466 101 34 For
1338 3466 90 34 the
1465 3467 192 35 Pocket
1697 3476 60 26 or
1791 3467 307 44 Knapsack.

640 3628 1418 58 UNION
2342 3628 461 58 REWARD
2808 3628 27 58 CARDS.

640 3730 300 46 Entirely
978 3730 186 46 New,
1206 3730 145 46 with
1387 3730 326 46 Patriotic
1749 3730 253 46 Verses,
2045 3730 294 38 Mottoes.
2382 3730 120 38 and
2539 3730 296 46 Designs.

591 3893 103 43 The
726 3895 223 42 attention
985 3892 52 43 of
1062 3894 74 42 the
1171 3893 148 43 Trade
1348 3894 105 53 and
1469 3893 151 44 others
1656 3894 35 41 is
1725 3893 170 43 invited
1931 3901 46 35 to
2014 3893 74 43 the
2124 3894 141 42 above
2302 3894 113 41 TOY
2450 3893 181 44 BOOKS
2669 3895 89 42 and
2795 3895 199 52 GAMES,

478 3966 131 55 being
641 3978 170 43 among
847 3965 76 43 the
955 3965 109 56 best
1091 3965 82 56 and
1200 3965 218 56 cheapest
1451 3965 47 42 in
1532 3965 75 43 the
1639 3965 186 43 market.

476 4080 839 39 STATIONARY
1736 4080 84 39 IN
1862 4080 208 39 EVERY
2133 4080 445 39 VAKIETY.

478 4172 210 45 ORDERS
722 4168 304 58 SOLICITED,
1187 4168 65 58 AND
1274 4168 129 58 PROMPT
1433 4171 326 53 ATTENTION,
1784 4185 142 30 WITH
1958 4185 193 29 ENTIRE
2188 4171 399 55 SATISFACTION,
2622 4172 374 45 GUARANTEED.
